<collection xmlns="http://www.loc.gov/MARC21/slim"><record><leader>00666nam  2200205   450</leader><controlfield tag="001">202</controlfield><controlfield tag="003">http://montalegre.opacnet.com/OPAC/default.aspx?ContentAreaControl=ShowRegHoldings.ascx&amp;RegNo=16662</controlfield><datafield tag="100" ind1=" " ind2=" "><subfield code="a">20060305d1982    k  y0pory010305  ba</subfield></datafield><datafield tag="101" ind1="0" ind2=" "><subfield code="a">por</subfield></datafield><datafield tag="102" ind1=" " ind2=" "><subfield code="a">PT</subfield></datafield><datafield tag="200" ind1="1" ind2=" "><subfield code="a">Um verão assim</subfield><subfield code="a">&lt;As &gt;máscaras de sábado</subfield><subfield code="f">Mário Cláudio</subfield><subfield code="g">prefácio de Eduardo Lourenço</subfield></datafield><datafield tag="205" ind1=" " ind2=" "><subfield code="a">2ª ed</subfield></datafield><datafield tag="210" ind1=" " ind2=" "><subfield code="a">Porto</subfield><subfield code="c">O Oiro do Dia</subfield><subfield code="d">1982</subfield></datafield><datafield tag="215" ind1=" " ind2=" "><subfield code="a">132 p.</subfield><subfield code="d">23 cm</subfield></datafield><datafield tag="225" ind1="2" ind2=" "><subfield code="a">Metamorfoses</subfield><subfield code="v">23</subfield></datafield><datafield tag="300" ind1=" " ind2=" "><subfield code="a">Obra repetida</subfield></datafield><datafield tag="675" ind1=" " ind2=" "><subfield code="a">821</subfield><subfield code="v">BN</subfield><subfield code="z">por</subfield></datafield><datafield tag="700" ind1=" " ind2="1"><subfield code="a">Cláudio</subfield><subfield code="b">Mário</subfield><subfield code="c">pseud</subfield></datafield><datafield tag="801" ind1=" " ind2="0"><subfield code="a">PT</subfield><subfield code="b">Biblioteca Municipal de Montalegre</subfield><subfield code="g">RPC</subfield></datafield><datafield tag="856" ind1=" " ind2=" "><subfield code="u">locateMedia.asp?cod=20060510105657&amp;ext=jpg</subfield><subfield code="z">CAPA</subfield></datafield><datafield tag="909" ind1="&#9;" ind2=" "><subfield code="a">1</subfield></datafield><datafield tag="966" ind1=" " ind2=" "><subfield code="a">0008833</subfield><subfield code="l">BMM</subfield><subfield code="s">SCG 821.134.3 CLá ver</subfield></datafield></record></collection>